@misc{dbsys,
    title={The Pros and Cons of 8 Popular Databases},
    author={Cody Arsenault},
    organization={KeyCDN},
    date={2017-04-20},
    url={https://www.keycdn.com/blog/popular-databases}
}

@misc{tstamp,
    title={Select last 7 days from unix timestamp mysql},
    author={Jorge Campos},
    date={2017-05-05},
    url={https://stackoverflow.com/questions/42605114/select-last-7-days-from-unix-timestamp-mysql}
}

@misc{tstampdiff,
    title={How to find the average time difference between rows in a table?},
    author={Nick Fortescue},
    date={2009-05-18},
    url={https://stackoverflow.com/questions/876842/how-to-find-the-average-time-difference-between-rows-in-a-table}
}

@misc{gcc,
    title={3.10 Options for Debugging Your Program},
    author={GNU},
    url={https://gcc.gnu.org/onlinedocs/gcc/Debugging-Options.html}
}

@misc{gdb,
    title={GDB: The GNU Project Debugger},
    author={GNU},
    date={2021-10-08},
    url={https://www.gnu.org/software/gdb/}
}

@misc{backtrace,
    title={8.2 Backtraces},
    author={GNU},
    url={https://sourceware.org/gdb/current/onlinedocs/gdb/Backtrace.html#Backtrace}
}

@misc{gdbum,
    title={GDB Documentation},
    author={GNU},
    date={2017-08-23},
    version={12.0.50.20211017-git},
    url={https://sourceware.org/gdb/current/onlinedocs/gdb.pdf}
}

@misc{tui,
    title={25 GDB Text User Interface},
    author={GNU},
    url={https://sourceware.org/gdb/onlinedocs/gdb/TUI.html}
}

@misc{reverse,
    title={6 Running programs backward},
    author={GNU},
    url={https://sourceware.org/gdb/onlinedocs/gdb/Reverse-Execution.html}
}
