@manual{rsync,
    title={rsync - a fast, versatile, remote (and local) file-copying tool},
    author={Andrew Tridgell and Paul Mackerras and Wayne Davison},
    organization={Minix},
    date={2018-01-28}
}