@misc{githubdoc,
    title={Organizations and teams}, 
    author={GitHub},
    year={2021},
    url={https://docs.github.com/en/organizations}
}

@misc{gitbook,
    title={Pro Git},
    author={Scott Chacon and Ben Straub},
    publisher={Apress},
    year={2014},
    version={2nd Edition},
    url={http://git-scm.com/book/en/v2}
}
