@misc{ccompile,
    title={The Four Stages of Compilation (C programming and gcc compiler)},
    author={Daniela Vasquez},
    date={2019-02-08},
    url={https://medium.com/@danielavasquez_77768/the-four-stages-of-compilation-c-programming-and-gcc-compiler-9faadf2e273a}
}

@misc{slib1,
    title={Static Libraries vs. Dynamic Libraries},
    author={Stuart Kuredjian},
    date={2017-05-15},
    url={https://medium.com/@StueyGK/static-libraries-vs-dynamic-libraries-af78f0b5f1e4}
}

@misc{slib2,
    title={Linux Basics: Static Libraries vs. Dynamic Libraries},
    author={Erika Caoili},
    date={2019-12-17},
    url={https://medium.com/swlh/linux-basics-static-libraries-vs-dynamic-libraries-a7bcf8157779}
}

@misc{libapi,
    title={What is the difference between an API and a library? [closed]},
    author={Robert Harvey},
    date={2017-12-19},
    url={https://softwareengineering.stackexchange.com/a/362696/380110}
}
