@misc{pkgin,
    title={pkgin, a binary package manager for pkgsrc},
    author={NetBSDfr},
    organization={NetBSD},
    url={https://pkgin.net/}
}

@misc{ifconfig,
    title={IFCONFIG(8)},
    author={Kees J. Bot},
    year={2013},
}

@misc{adduser,
    title={Managing User Accounts},
    author={lionelsambuc},
    date={2014-11-14T13:51:00},
}

@misc{useradd,
    title={USERADD(8) NetBSD System Manager's Manual},
    author={Alistair G. Crooks},
    date={2009-01-13}
}

@misc{passwd,
    title={PASSWD(1) NetBSD General Commands Manual},
    author={Robert Morris and Ken Thompson},
    date={2005-02-25}
}

@misc{ssh,
    title={What is SSH Public Key authentication?},
    author={SSH.COM},
    year={2021}
}

@misc{git,
    title={Git Reference},
    author={Git},
    year={2021},
    url={https://git-scm.com/docs}
}