@misc{pcicard,
    title={USB2-PCI Card},
    author={Andreas Frank},
    date={2005-02-23},
    publisher={Wikimedia Commons},
    location={Germany},
    url={https://commons.wikimedia.org/wiki/File:USB2-PCI_Card.jpg},
    note={Online: accessed 26 September 2021}
}

@misc{northbridge,
    title={Northbridge (computing)},
    author={Wikipedia contributors},
    date={2021-06-08T16:47:00},
    url={https://en.wikipedia.org/wiki/Northbridge_(computing)},
    note={Online: accessed 26 September 2021}
}

@misc{southbridge,
    title={Southbridge (computing)},
    author={Wikipedia contributors},
    date={2021-06-08T16:48:00},
    url={https://en.wikipedia.org/wiki/Southbridge_(computing)},
    note={Online: accessed 26 September 2021}
}

@misc{bios,
    title={Ref — System BIOS},
    author={PCGuide},
    date={2014-12-06},
    url={http://www.pcguide.com/ref/mbsys/bios/index.htm}
}

@misc{overclocking,
    title={Overclocking},
    author={Wikipedia contributors},
    date={2021-09-20T20:02:00},
    url={https://en.wikipedia.org/wiki/Overclocking},
    note={Online: accessed 26 September 2021}
}

@misc{pcie,
    title={PCI Express},
    author={Wikipedia contributors},
    date={2021-09-25T16:37:00},
    url={https://en.wikipedia.org/wiki/PCI_Express},
    note={Online: accessed 26 September 2021}
}

@misc{agppcie,
    title={History Of Graphics card motherboard slots:- PCI VS AGP VS PCI-Express VS Integrated graphics},
    author={Tech Fairy},
    date={2020-05-18},
    url={https://tech-fairy.com/history-of-graphics-card-motherboard-slots-pci-vs-agp-vs-pci-express-vs-integrated-graphics/}
}

@misc{tee,
    title={17.1 tee: Redirect output to multiple files or processes},
    author={GNU},
    author={GNU},
    year={2019},
    url={https://www.gnu.org/software/coreutils/manual/html_node/tee-invocation.html}
}

@misc{xargs,
    title={xargs(1) — Linux manual page},
    author={GNU},
    year={2019},
    url={https://man7.org/linux/man-pages/man1/xargs.1.html}
}

@misc{head,
    title={5.1 head: Output the first part of files},
    author={GNU},
    year={2019},
    month={9},
    url={https://www.gnu.org/software/coreutils/manual/html_node/head-invocation.html}
}

@misc{tail,
    title={5.2 tail: Output the last part of files},
    author={GNU},
    year={2019},
    month={9},
    url={https://www.gnu.org/software/coreutils/manual/html_node/tail-invocation.html}
}

@misc{ps,
    title={ps(1) — Linux manual page},
    author={GNU},
    date={2018-08-08},
    url={https://man7.org/linux/man-pages/man1/ps.1.html}
}

@misc{top,
    title={top(1) — Linux manual page},
    author={GNU},
    year={2019},
    month={10},
    url={https://man7.org/linux/man-pages/man1/top.1.html}
}

@misc{free,
    title={top(1) — Linux manual page},
    author={GNU},
    date={2018-05-31},
    url={https://man7.org/linux/man-pages/man1/free.1.html}
}

@misc{vmstat,
    title={vmstat(8) — Linux manual page},
    author={GNU},
    year={2011},
    month={9},
    url={https://man7.org/linux/man-pages/man8/vmstat.8.html}
}

@misc{sh,
    title={What are the fundamental differences between the mainstream *NIX shells? [closed]},
    author={Gilles 'SO- stop being evil'},
    date={2010-10-21T21:49:00},
    url={https://unix.stackexchange.com/a/3390/412789}
}

@misc{specpar,
    title={3.4.2 Special Parameters},
    author={GNU},
    year={2021},
    url={https://www.gnu.org/software/bash/manual/html_node/Special-Parameters.html}
}

@misc{ps3var,
    title={Bash Shell: Take Control of PS1, PS2, PS3, PS4 and PROMPT\_COMMAND},
    author={RAMESH NATARAJAN},
    date={2008-09-04},
    url={https://www.thegeekstuff.com/2008/09/bash-shell-take-control-of-ps1-ps2-ps3-ps4-and-prompt_command/}
}

@misc{iconv,
    title={iconv(1) — Linux manual page},
    author={GNU},
    date={2019-03-06},
    url={https://man7.org/linux/man-pages/man1/iconv.1.html}
}

@misc{linuxfilehier,
    title={Linux Filesystem Hierarchy},
    version={0.65},
    author={Binh Nguyen},
    date={2004-07-30},
    url={https://tldp.org/LDP/Linux-Filesystem-Hierarchy/html/}
}