@manual{minixarch,
    author={jeanbaptisteboric},
    title={Overview of Minix 3 architecture},
    organization={Minix 3},
    date={2015-04-27},
    url={https://wiki.minix3.org/doku.php?id=developersguide:overviewofminixarchitecture}
}

@book{mos4chn,
    author={Andrew S. Tanenbaum and Herbert Bos},
    title={Modern Operating Systems},
    edition={Fourth Edition},
    translator={Xiangqun Chen and Hongbing Ma},
    publisher={China Machine Press},
    isbn={978-7-111-57369-2},
    year={2017},
    language={Chinese},
    origlanguage={english},
    location={Xicheng District, Beijing},
    origpublisher={Pearson Education, Inc},
    origlocation={Upper Saddle River, New Jersey},
    origdate={2015},
    pagetotal={610}
}

@manual{srvdrvoverview,
    author={dcvmoole},
    title={Overview of MINIX3 servers and drivers},
    organization={Minix 3},
    date={2017-03-22},
    url={https://wiki.minix3.org/doku.php?id=developersguide:overviewofminixservers}
}

@misc{minix3wikipedia,
    author = "{Wikipedia contributors}",
    title = "Minix 3 --- {Wikipedia}{,} The Free Encyclopedia",
    year = "2021",
    url = "https://en.wikipedia.org/w/index.php?title=Minix_3&oldid=1055261160",
    note = "[Online; accessed 2-December-2021]"
}

@misc{ds,
    author={Jorrit N. Herder},
    title={Data Store Server},
    date={2005-10-19},
    organization={Minix 3},
    url={https://elixir.ortiz.sh/minix/v3.2.1/source/servers/ds/main.c}
}

@manual{minixdriver,
    author={jeanbaptisteboric},
    title={Overview of Minix 3 drivers},
    organization={Minix 3},
    date={2015-04-24},
    url={https://wiki.minix3.org/doku.php?id=developersguide:overviewofminixdrivers}
}

@manual{minixuserland,
    author={jeanbaptisteboric},
    title={Overview of Minix 3 userland},
    organization={Minix 3},
    date={2015-04-26},
    url={https://wiki.minix3.org/doku.php?id=developersguide:overviewofminixuserland}
}

@misc{procfswikipedia,
    author = "{Wikipedia contributors}",
    title = "Procfs --- {Wikipedia}{,} The Free Encyclopedia",
    year = "2021",
    url = "https://en.wikipedia.org/w/index.php?title=Procfs&oldid=1056427275",
    note = "[Online; accessed 2-December-2021]"
}

@misc{procfsnotes,
    author={Jorrit N. Herder},
    title={David van Moolenbroek},
    date={2013-02-21},
    organization={Minix 3},
    url={https://elixir.ortiz.sh/minix/v3.2.1/source/servers/procfs/NOTES}
}

@misc{vfswikipedia,
    author = "{Wikipedia contributors}",
    title = "Virtual file system --- {Wikipedia}{,} The Free Encyclopedia",
    year = "2021",
    url = "https://en.wikipedia.org/w/index.php?title=Virtual_file_system&oldid=1044838213",
    note = "[Online; accessed 2-December-2021]"
}

@manual{minixVM,
    author={lionelsambuc},
    title={VM internals},
    organization={Minix 3},
    date={2014-11-28},
    url={https://wiki.minix3.org/doku.php?id=developersguide:vminternals}
}

@manual{vfsinternal,
    author={lionelsambuc},
    title={VFS internals},
    organization={Minix 3},
    date={2014-11-12},
    url={https://wiki.minix3.org/doku.php?id=developersguide:vfsinternals}
}

@inproceedings{pessolani2011minix,
  title={Minix over Linux: A User-Space Multiserver Operating System},
  author={Pessolani, Pablo and Jara, Oscar},
  booktitle={2011 Brazilian Symposium on Computing System Engineering},
  pages={158--163},
  year={2011},
  organization={IEEE}
}
