@book{ostep,
    title={Operating Systems: Three Easy Pieces},
    author={Remzi H. Arpaci-Dusseau and Andrea C. Arpaci-Dusseau},
    year={2018},
    month={8},
    publisher={Remzi H. Arpaci-Dusseau and Andrea C. Arpaci-Dusseau},
    version={1.00}
}

@article{ipt,
    title={Inverted Page Table in Operating System},
    author={aishwaryaagarwal2 and VaibhavRai3},
    date={2021-10-26},
    organization={GeeksforGeeks},
    url={https://www.geeksforgeeks.org/inverted-page-table-in-operating-system/}
}

@misc{enwiki:1055115654,
    author = "{Wikipedia contributors}",
    title = "Buffer overflow --- {Wikipedia}{,} The Free Encyclopedia",
    year = "2021",
    url = "https://en.wikipedia.org/w/index.php?title=Buffer_overflow&oldid=1055115654",
    note = "[Online; accessed 24-November-2021]"
}

@article{fmtstr,
    author={Mark Hermeling},
    title={Tainted Data and Format String Attack Strike Again},
    date={2019-08-12},
    organization={GrammaTech},
    url={https://blogs.grammatech.com/tainted-data-and-format-string-attack-strike-again}
}

@misc{meltdownattack,
    author={Graz University of Technology},
    title={Meltdown and Spectre},
    subtitle={Vulnerabilities in modern computers leak passwords and sensitive data},
    year={2018},
    url={https://meltdownattack.com/}
}

@inproceedings{Lipp2018meltdown,
    author = {Moritz Lipp and Michael Schwarz and Daniel Gruss and Thomas Prescher and Werner Haas and Anders Fogh and Jann Horn and Stefan Mangard and Paul Kocher and Daniel Genkin and Yuval Yarom and Mike Hamburg},
    title = {Meltdown: Reading Kernel Memory from User Space},
    booktitle = {27th {USENIX} Security Symposium ({USENIX} Security 18)},
    year = {2018}
}

@inproceedings{Kocher2018spectre,
    author = {Paul Kocher and Jann Horn and Anders Fogh and and Daniel Genkin and Daniel Gruss and Werner Haas and Mike Hamburg and Moritz Lipp and Stefan Mangard and Thomas Prescher and Michael Schwarz and Yuval Yarom},
    title = {Spectre Attacks: Exploiting Speculative Execution},
    booktitle = {40th IEEE Symposium on Security and Privacy (S\&P'19)},
    year = {2019},
}

@misc{dirtycowwiki,
    author = "{Wikipedia contributors}",
    title = "Dirty COW --- {Wikipedia}{,} The Free Encyclopedia",
    year = "2021",
    url = "https://en.wikipedia.org/w/index.php?title=Dirty_COW&oldid=1041784641",
    note = "[Online; accessed 24-November-2021]"
}

@misc{dirtycow,
    author={The Linux Foundation},
    titie={How Bad Is Dirty COW?},
    date={2016-10-24},
    url={https://www.linuxfoundation.org/blog/how-bad-is-dirty-cow/}
}
