@misc{ext2wiki,
    author = "{Wikipedia contributors}",
    title = "Ext2 --- {Wikipedia}{,} The Free Encyclopedia",
    year = "2021",
    url = "https://en.wikipedia.org/w/index.php?title=Ext2&oldid=1057194173",
    note = "[Online; accessed 28-November-2021]"
}

@book{nongnu,
    author={Dave Poirier},
    title={The Second Extended File System},
    organization={Free Software Foundation, Inc},
    year={2019},
    url={https://www.nongnu.org/ext2-doc/ext2.html}
}

@manual{kerneldoc,
    author={The kernel development community},
    title={The Linux Kernel documentation},
    organization={Free Software Foundation, Inc},
    year={2021},
    url={https://www.kernel.org/doc/html/latest/index.html},
    version={5.16.0-rc2}
}

@book{proflinuxk,
    author={Wolfgang Mauerer},
    title={Professional Linux Kernel Architecture},
    year={2010},
    publisher={John Wiley \& Sons},
    isbn={9781118079911}
}

@misc{science,
    author={David A. Rusling},
    title={The Linux Kernel},
    version={DRAFT, 0.1-10(30)},
    year={1997},
    month={4},
    url={http://www.science.unitn.it/~fiorella/guidelinux/tlk/}
}
